@MISC{rps, 
      title={Have You Played... Salty Bet?}, 
      url={https://www.rockpapershotgun.com/2017/12/15/have-you-played-salty-bet/}, 
      journal={Rock Paper Shotgun}}

@misc{kotaku, 
	title={Place Bets On Computers Playing Fighting Games Against Each Other}, 
	url={https://kotaku.com/place-bets-on-computers-playing-fighting-games-against-1148194469}, 
	journal={Kotaku}, 
	publisher={Kotaku}, 
	author={Wichtowski, Leo}, 
	year={2013}, 
	month={Oct}} 

@misc{miller_2013, 
	title={Sodium Intake: An Interview with the Creator of Salty Bet}, 
	url={http://shoryuken.com/2013/08/12/sodium-intake-an-interview-with-the-creator-of-salty-bet/}, 
	journal={Shoryuken}, 
	author={Miller, Patrick}, 
	year={2013}, 
	month={Aug}} 

@misc{warr_2013, 
	title={Salty Bet: a pop culture royal rumble we can't stop watching}, 
	url={https://www.pcgamer.com/salty-bet-1/}, 
	journal={pcgamer}, 
	publisher={PC Gamer THE GLOBAL AUTHORITY ON PC GAMES}, 
	author={Warr, Philippa}, 
	year={2013}, 
	month={Aug}} 

@misc{gamezone_2017, 
	title={10 helpful ways to get you out of the Salt Mines in Salty Bet}, 
	url={https://www.gamezone.com/originals/10-helpful-ways-to-get-you-out-of-the-salt-mines-in-salty-bet/}, 
	journal={GameZone}, 
	year={2017}, 
	month={Oct}} 

@misc{spriteclub, 
	title={SpriteClub}, 
	url={https://mugen.spriteclub.tv/}, 
	journal={SpriteClub}} 

@misc{welsh_2013, 
	title={What is Salty Bet? The Salty Bet Beginners Guide}, 
	url={http://calmdowntom.com/2013/08/what-is-salty-bet/}, 
	journal={Thomas Welsh}, 
	year={2013}, 
	month={Aug}}

@misc{sullygnome, 
	title={Twitch analytics and statistics}, 
	url={http://sullygnome.com/}, 
	journal={SullyGnome}}

@misc{hilliard, 
	title={An Interview With The Mind Behind Twitch Plays Pok√©mon}, 
	url={https://www.gameinformer.com/b/features/archive/2014/03/14/an-interview-with-the-mind-behind-twitch-plays-pok-233-mon.aspx}, 
	journal={Game Informer}, 
	author={Hilliard, Kyle}}

@misc{giantbomb, 
	title={Automating SaltyBet - My Live and Ongoing Adventure - DONE!!}, 
	url={https://www.giantbomb.com/profile/tycobb/blog/automating-saltybet-my-live-and-ongoing-adventure-/102462/}, 
	journal={Giant Bomb}}

@misc{explosionduck, 
	title={Story of a Betting Bot}, 
	url={https://explosionduck.com/wp/story-of-a-betting-bot/}, 
	journal={ExplosionDuck}} 	
	
@misc{sbtwitter, 
	title={Salty Bet (@SaltyBet)}, 
	url={https://twitter.com/saltybet}, 
	author={Bet, Salty}, 
	year={2018}, 
	month={Aug}} 

@misc{saltbot, 
	title={synkarius/saltbot}, 
	url={https://github.com/synkarius/saltbot}, 
	journal={GitHub}, 
	author={Synkarius}, 
	year={2019}, 
	month={Mar}}

@article{yan2016ranking,
	  title={Ranking in the generalized Bradley--Terry models when the strong connection condition fails},
	  author={Yan, Ting},
	  journal={Communications in Statistics-Theory and Methods},
	  volume={45},
          number={2},
          pages={340--353},
	  year={2016},
          publisher={Taylor \& Francis}
}

@article{tarjan_1972,
	author = {Tarjan, R.},
	title = {Depth-First Search and Linear Graph Algorithms},
	journal = {SIAM Journal on Computing},
	volume = {1},
	number = {2},
	pages = {146-160},
	year = {1972},
	doi = {10.1137/0201010},

	URL = { 
		        https://doi.org/10.1137/0201010
		    
	},
	eprint = { 
		        https://doi.org/10.1137/0201010
		    
	}

}

@article{ford_1957,
	 ISSN = {00029890, 19300972},
	 URL = {http://www.jstor.org/stable/2308513},
	 author = {L. R. Ford},
	 journal = {The American Mathematical Monthly},
	 number = {8},
	 pages = {28--33},
	 publisher = {Mathematical Association of America},
	 title = {Solution of a Ranking Problem from Binary Comparisons},
         volume = {64},
         year = {1957}
}

@book{chartrand_1977,
      title={Introductory Graph Theory},
      author={Chartrand, G.},
      isbn={9780486247755},
      lccn={84018801},
      series={Dover Books on Mathematics Series},
      url={https://books.google.com/books?id=rYuToT7vHbMC},
      year={1977},
      publisher={Dover}
}

@misc{mugenwiki,
	author={ElecByte},
	title={M.U.G.E.N. Beta Release README},
	year={2002},
	url={https://web.archive.org/web/20030806070618/http://mugen.elecbyte.com/docs/readme.txt},
	urldate={2019-04-23}
}
